@book{quevedo2009,
  author    = {Héctor Quevedo Urias and Blanca Rosa Pérez Salvador},
  title     = {Estadística para Ingeniería y Ciencias},
  publisher = {Patria},
  year      = {2009},
  address   = {México},
  isbn      = {9786073015000}
}

@manual{RManual,
  title     = {The R Project for Statistical Computing},
  author    = {{R Core Team}},
  year      = {2023},
  note      = {\url{https://www.r-project.org/}},
  organization = {R Foundation for Statistical Computing}
}
